@inproceedings{ratasuk2016overview,
  title={Overview of narrowband IoT in LTE Rel-13},
  author={Ratasuk, Rapeepat and Mangalvedhe, Nitin and Zhang, Yanji and Robert, Michel and Koskinen, Jussi-Pekka},
  booktitle={2016 IEEE conference on standards for communications and networking (CSCN)},
  pages={1--7},
  year={2016},
  organization={IEEE}
}

@INPROCEEDINGS{614790, 
  author={A. L. {McIlraith} and H. C. {Card}}, 
  booktitle={CCECE '97. Canadian Conference on Electrical and Computer Engineering. Engineering Innovation: Voyage of Discovery. Conference Proceedings}, 
  title={Bird song identification using artificial neural networks and statistical analysis}, 
  year={1997}, 
  volume={1}, 
  number={}, 
  pages={63-66 vol.1}, 
  keywords={biocommunications;acoustic signal processing;pattern recognition;biology computing;neural nets;statistical analysis;backpropagation;bird song identification;artificial neural networks;statistical analysis;bird species;sampled song preprocessing;temporal measurement extraction;power spectral densities;spectral information;data dimensionality;identification tasks;quadratic discriminant analysis;backpropagation neural network;Birds;Artificial neural networks;Statistical analysis;Humans;Animals;Data mining;Acoustical engineering;Evolution (biology);Feature extraction;Speech analysis}, 
  doi={10.1109/CCECE.1997.614790}, 
  ISSN={0840-7789}, 
  month={May},
}